<record><leader>00000cas a22000007a 4500</leader><controlfield tag="001">9563655</controlfield><controlfield tag="008">830601d19031904ksuwr ne      0    0eng d</controlfield><datafield ind1=" " ind2=" " tag="010"><subfield code="a">sn 83040306 </subfield></datafield><datafield ind1=" " ind2=" " tag="040"><subfield code="a">KSH</subfield><subfield code="b">eng</subfield><subfield code="c">KSH</subfield><subfield code="d">NPT</subfield><subfield code="d">OCLCQ</subfield></datafield><datafield ind1=" " ind2=" " tag="042"><subfield code="a">msc</subfield></datafield><datafield ind1=" " ind2=" " tag="043"><subfield code="a">n-us-ks</subfield></datafield><datafield ind1="0" ind2="4" tag="245"><subfield code="a">The Iola friend democrat.</subfield></datafield><datafield ind1=" " ind2=" " tag="260"><subfield code="a">Iola, Kan. :</subfield><subfield code="b">Harry A. Armstrong,</subfield><subfield code="c">-1904.</subfield></datafield><datafield ind1=" " ind2=" " tag="300"><subfield code="a">v. :</subfield><subfield code="b">ill. ;</subfield><subfield code="c">54 cm.</subfield></datafield><datafield ind1=" " ind2=" " tag="310"><subfield code="a">Weekly</subfield></datafield><datafield ind1="0" ind2=" " tag="362"><subfield code="a">-v. 15, no. 3 (Feb. 26, 1904).</subfield></datafield><datafield ind1="1" ind2=" " tag="362"><subfield code="a">Began in 1903.</subfield></datafield><datafield ind1=" " ind2=" " tag="500"><subfield code="a">Editor: Harry A. Armstrong.</subfield></datafield><datafield ind1=" " ind2=" " tag="588"><subfield code="a">Description based on: V. 14, no. 12 (May 1, 1903).</subfield></datafield><datafield ind1="1" ind2=" " tag="700"><subfield code="a">Armstrong, Harry A.</subfield></datafield><datafield ind1=" " ind2=" " tag="752"><subfield code="a">United States</subfield><subfield code="b">Kansas</subfield><subfield code="c">Allen</subfield><subfield code="d">Iola.</subfield></datafield><datafield ind1="0" ind2="0" tag="780"><subfield code="t">Iola farmer's friend and Allen County democrat</subfield><subfield code="w">(DLC)sn 83040305</subfield></datafield><datafield ind1="0" ind2="0" tag="785"><subfield code="t">Iola democrat</subfield><subfield code="w">(DLC)sn 83040309</subfield></datafield></record>